@book{giordana03first,
    author = {Giordana, Frank R. and Weir, Maurice D. and Fox, William P.},
    citeulike-article-id = {2330659},
    keywords = {bio, formalism},
    posted-at = {2008-02-04 20:35:33},
    priority = {0},
    publisher = {Thomson Learning},
    title = {{A First Course in Mathematical Modelling}},
    year = {2003}
}

@misc{firstwar,
  author = {Roberto Navarro},
  title = {{Qual foi a primeira guerra da história?}},
  howpublished = "\url{http://mundoestranho.abril.com.br/materia/qual-foi-a-primeira-guerra-da-historia}",
  note = "[Online; acessado em 2 de dezembro de 2015]"
}

@misc{militarybudget2009,
  author = {Jeremy Pelofsky},
  title = {{Congresso dos EUA envia orçamento bélico de US\$106 bi para Obama}},
  howpublished = "\url{http://br.reuters.com/article/worldNews/idBRSPE55I01520090619}",
  year = {2009},
  note = "[Online; acessado em 2 de dezembro de 2015]"
}

@book{chaos,
   title = "Differential equations, dynamical systems, and an introduction to chaos",
   author = "Hirsch, Morris William and Smale, Stephen and Devaney, Robert Luke",
   publisher = "Academic Press",
   address = "Waltham (Mass.)",
   url = "http://opac.inria.fr/record=b1135122",
   isbn = "978-0-12-382010-5",
   year = 2013
}

